@article{electronicdesign2016,
	author={Carmen Emily Yang},
	title={What is the Piezoelectric Effect?},
	journal={Electronic Design},
	year={2016},
	month={september},
}
